@online{wolframIsometry,
  author = {Weisstein, Eric W.},
  title  = {Isometry},
  year   = {2025},
  url    = {https://mathworld.wolfram.com/Isometry.html},
  urldate = {2025-07-03}
}

@online{wolframSymmetry,
  author = {Weisstein, Eric W.},
  title  = {Symmetry},
  year   = {2025},
  url    = {https://mathworld.wolfram.com/Symmetry.html},
  urldate = {2025-07-04}
}
